<record><leader>00000cas a22000007a 4500</leader><controlfield tag="001">16854758</controlfield><controlfield tag="008">871015d19101913inuwr ne      0    0eng d</controlfield><datafield ind1=" " ind2=" " tag="010"><subfield code="a">sn 87056797 </subfield></datafield><datafield ind1=" " ind2=" " tag="040"><subfield code="a">NPI</subfield><subfield code="b">eng</subfield><subfield code="c">NPI</subfield><subfield code="d">OCLCQ</subfield><subfield code="d">IUL</subfield><subfield code="d">OCLCF</subfield></datafield><datafield ind1=" " ind2=" " tag="042"><subfield code="a">msc</subfield></datafield><datafield ind1=" " ind2=" " tag="043"><subfield code="a">n-us-in</subfield></datafield><datafield ind1="0" ind2="4" tag="245"><subfield code="a">The Gibson County star.</subfield></datafield><datafield ind1=" " ind2=" " tag="260"><subfield code="a">Owensville, Ind. :</subfield><subfield code="b">James P. Cox,</subfield><subfield code="c">1910-</subfield></datafield><datafield ind1=" " ind2=" " tag="300"><subfield code="a">volumes</subfield></datafield><datafield ind1=" " ind2=" " tag="310"><subfield code="a">Weekly</subfield></datafield><datafield ind1="0" ind2=" " tag="362"><subfield code="a">Vol. 13, no. 14 (Mar. 5, 1910)-</subfield></datafield><datafield ind1="1" ind2=" " tag="362"><subfield code="a">Ceased in 1913.</subfield></datafield><datafield ind1=" " ind2=" " tag="588"><subfield code="a">Latest issue consulted: Vol. 15, no. 46 (Oct. 18, 1912)</subfield></datafield><datafield ind1=" " ind2="0" tag="651"><subfield code="a">Owensville (Ind.)</subfield><subfield code="v">Newspapers.</subfield></datafield><datafield ind1=" " ind2="0" tag="651"><subfield code="a">Gibson County (Ind.)</subfield><subfield code="v">Newspapers.</subfield></datafield><datafield ind1=" " ind2="7" tag="651"><subfield code="a">Indiana</subfield><subfield code="z">Gibson County.</subfield><subfield code="2">fast</subfield><subfield code="0">(OCoLC)fst01204272</subfield></datafield><datafield ind1=" " ind2="7" tag="651"><subfield code="a">Indiana</subfield><subfield code="z">Owensville.</subfield><subfield code="2">fast</subfield><subfield code="0">(OCoLC)fst01204546</subfield></datafield><datafield ind1=" " ind2="7" tag="655"><subfield code="a">Newspapers.</subfield><subfield code="2">fast</subfield><subfield code="0">(OCoLC)fst01423814</subfield></datafield><datafield ind1=" " ind2=" " tag="752"><subfield code="a">United States</subfield><subfield code="b">Indiana</subfield><subfield code="c">Gibson</subfield><subfield code="d">Owensville.</subfield></datafield><datafield ind1="0" ind2="0" tag="780"><subfield code="t">Owensville star</subfield><subfield code="w">(DLC)sn 87056796</subfield><subfield code="w">(OCoLC)16854871</subfield></datafield><datafield ind1="0" ind2="7" tag="785"><subfield code="t">New echo</subfield><subfield code="w">(DLC)sn 87056795</subfield><subfield code="w">(OCoLC)16854535</subfield></datafield><datafield ind1="0" ind2="7" tag="785"><subfield code="t">Owensville star-echo</subfield><subfield code="w">(DLC)sn 87056798</subfield><subfield code="w">(OCoLC)16854992</subfield></datafield></record>